@article{Jetz2019,
author = {Jetz, Walter and McGeoch, Melodie A. and Guralnick, Robert and Ferrier, Simon and Beck, Jan and Costello, Mark J. and Fernandez, Miguel and Geller, Gary N. and Keil, Petr and Merow, Cory and Meyer, Carsten and Muller-Karger, Frank E. and Pereira, Henrique M. and Regan, Eugenie C. and Schmeller, Dirk S. and Turak, Eren},
doi = {10.1038/s41559-019-0826-1},
issn = {2397-334X},
journal = {Nature Ecology {\&} Evolution},
month = apr,
number = {4},
pages = {539--551},
title = {Essential biodiversity variables for mapping and monitoring species populations},
volume = {3},
year = {2019}
}
@misc{Fortuna2014,
archivePrefix = {arXiv},
arxivId = {1403.2575},
author = {Fortuna, Miguel A. and Ortega, Raul and Bascompte, Jordi},
eprint = {1403.2575},
month = mar,
title = {The Web of Life},
year = {2014}
}
@book{Gaston2003,
author = {Gaston, Kevin J.},
booktitle = {Evolutionary Ecology},
title = {The Structure and Dynamics of Geographic Ranges},
year = {2003}
}
@article{Gravel2019,
author = {Gravel, Dominique and Baiser, Benjamin and Dunne, Jennifer A. and Kopelke, Jens Peter and Martinez, Neo D. and Nyman, Tommi and Poisot, Timoth{\'{e}}e and Stouffer, Daniel B. and Tylianakis, Jason M. and Wood, Spencer A. and Roslin, Tomas},
doi = {10.1111/ecog.04006},
issn = {16000587},
journal = {Ecography},
keywords = {co-occurrence,networks,spatial ecology},
number = {3},
pages = {401--415},
title = {Bringing Elton and Grinnell together: a quantitative framework to represent the biogeography of ecological interaction networks},
volume = {42},
year = {2019}
}
@article{Graham2018,
author = {Graham, Catherine H. and Weinstein, Ben G.},
doi = {10.1111/ele.13084},
issn = {14610248},
journal = {Ecology Letters},
keywords = {Bayesian,dissimilarity,evolutionary history,interaction beta-diversity,interaction turnover,network ecology,prediction,rewiring,scale,species turnover},
number = {9},
pages = {1299--1310},
pmid = {29968312},
title = {Towards a predictive model of species interaction beta diversity},
volume = {21},
year = {2018}
}
@article{FernandoCagua2019,
author = {Cagua, Edgar Fernando and Lustig, Audrey and Tylianakis, Jason M. and Stouffer, Daniel B.},
doi = {10.1101/866772},
journal = {bioRxiv},
keywords = {Eltonian niche,Environmental effects,Generalisation {\&} specialisation,Species degree,Species interactions,Throphic niche},
title = {Environment affects specialisation of plants and pollinators},
year = {2019}
}
@article{Pires2011,
author = {Pires, Mathias M. and Guimar{\~{a}}es, Paulo R. and Ara{\'{u}}jo, M. S. and Giaretta, A. A. and Costa, J. C.L. and dos Reis, S. F.},
doi = {10.1111/j.1365-2656.2011.01818.x},
issn = {00218790},
journal = {Journal of Animal Ecology},
keywords = {Complex networks,Interindividual variation,Modularity,Nestedness,Optimal diet theory},
number = {4},
pages = {896--903},
pmid = {21644976},
title = {The nested assembly of individual-resource networks},
volume = {80},
year = {2011}
}
@article{Valdovinos2013,
author = {Valdovinos, Fernanda S. and {Moisset de Espan{\'{e}}s}, Pablo and Flores, Jos{\'{e}} D. and Ramos-Jiliberto, Rodrigo},
doi = {10.1111/j.1600-0706.2012.20830.x},
issn = {00301299},
journal = {Oikos},
month = jun,
number = {6},
pages = {907--917},
title = {Adaptive foraging allows the maintenance of biodiversity of pollination networks},
volume = {122},
year = {2013}
}
@article{Garcia2014,
author = {Garc{\'{i}}a, Daniel and Mart{\'{i}}nez, Daniel and Stouffer, Daniel B. and Tylianakis, Jason M.},
doi = {10.1111/1365-2656.12237},
editor = {{Van Veen}, Frank},
issn = {00218790},
journal = {Journal of Animal Ecology},
keywords = {Abundance,Ecological insurance,Frugivory,Mutualistic networks,New Zealand,Plant-animal interactions,Redundancy,Seed dispersal,Turdus merula},
month = nov,
number = {6},
pages = {1441--1450},
pmid = {24749667},
title = {Exotic birds increase generalization and compensate for native bird decline in plant-frugivore assemblages},
volume = {83},
year = {2014}
}
@article{Rominger2016,
author = {Rominger, A. J. and Goodman, K. R. and Lim, J. Y. and Armstrong, E. E. and Becking, L. E. and Bennett, G. M. and Brewer, M. S. and Cotoras, D. D. and Ewing, C. P. and Harte, John and Martinez, Neo D. and O'Grady, P. M. and Percy, D. M. and Price, D. K. and Roderick, G. K. and Shaw, K. L. and Valdovinos, Fernanda S. and Gruner, D. S. and Gillespie, R. G. and Ricklefs, Robert},
doi = {10.1111/geb.12341},
issn = {1466-822X},
journal = {Global Ecology and Biogeography},
keywords = {Arthropods,Hawaii,chronosequence,maximum entropy,networks,population genetics},
month = jul,
number = {7},
pages = {769--780},
title = {Community assembly on isolated islands: macroecology meets evolution},
volume = {25},
year = {2016}
}
@article{Levine2017,
author = {Levine, Jonathan M. and Bascompte, Jordi and Adler, Peter B. and Allesina, Stefano},
doi = {10.1038/nature22898},
issn = {0028-0836},
journal = {Nature},
month = jun,
number = {7656},
pages = {56--64},
title = {Beyond pairwise mechanisms of species coexistence in complex communities},
volume = {546},
year = {2017}
}
@article{Pires2020,
author = {Pires, Lu{\'{i}}s Paulo and de Melo, Celine},
doi = {10.1016/j.ecocom.2020.100869},
issn = {1476945X},
journal = {Ecological Complexity},
keywords = {Biological constraints,Ecological interactions,Frugivory,Network metrics,Neutral theory},
month = dec,
number = {September},
pages = {100869},
publisher = {Elsevier},
title = {Seasonal consistency of the assembling rules in a bird-fruiting plant network},
volume = {44},
year = {2020}
}
@article{Jordano2016,
author = {Jordano, Pedro},
doi = {10.1111/1365-2656.12584},
editor = {Hays, Graeme},
issn = {00218790},
journal = {Journal of Animal Ecology},
month = nov,
number = {6},
pages = {1423--1426},
pmid = {27778383},
title = {Natural history matters: how biological constraints shape diversified interactions in pollination networks},
volume = {85},
year = {2016}
}
@article{Guimaraes2017,
author = {Guimar{\~{a}}es, Paulo R. and Pires, Mathias M. and Jordano, Pedro and Bascompte, Jordi and Thompson, John N.},
doi = {10.1038/nature24273},
issn = {0028-0836},
journal = {Nature},
month = oct,
number = {7677},
pages = {511--514},
pmid = {29045396},
publisher = {Nature Publishing Group},
title = {Indirect effects drive coevolution in mutualistic networks},
volume = {550},
year = {2017}
}
@article{Mossa2002,
archivePrefix = {arXiv},
arxivId = {cond-mat/0201421},
author = {Mossa, Stefano and Barth{\'{e}}l{\'{e}}my, Marc and {Eugene Stanley}, H. and {Nunes Amaral}, Lu{\'{i}}s A.},
doi = {10.1103/physrevlett.88.138701},
eprint = {0201421},
issn = {00319007},
journal = {Physical Review Letters},
number = {13},
pages = {1387011--1387014},
pmid = {11955132},
primaryClass = {cond-mat},
title = {Truncation of power law behavior in "scale-free" network models due to information filtering},
volume = {88},
year = {2002}
}
@article{Watts1998,
author = {Watts, D J and Strogatz, S H},
doi = {10.1038/30918},
issn = {0028-0836},
journal = {Nature},
month = jun,
number = {6684},
pages = {440--2},
pmid = {9623998},
title = {Collective dynamics of 'small-world' networks.},
volume = {393},
year = {1998}
}
@inproceedings{Amaral2000,
author = {Amaral, L. A.N. and Scala, A and Barth{\'{e}}l{\'{e}}my, Marc and Stanley, H. E.},
booktitle = {Proceedings of the National Academy of Sciences of the United States of America},
doi = {10.1073/pnas.200327197},
issn = {00278424},
month = oct,
number = {21},
pages = {11149--11152},
pmid = {11005838},
title = {Classes of small-world networks},
volume = {97},
year = {2000}
}
@article{Jordano2003,
author = {Jordano, Pedro and Bascompte, Jordi and Olesen, Jens M.},
doi = {10.1046/j.1461-0248.2003.00403.x},
issn = {1461023X},
journal = {Ecology Letters},
keywords = {Biodiversity,Coevolution,Ecological networks,Food web structure,Pollination,Seed-dispersal},
month = dec,
number = {1},
pages = {69--81},
title = {Invariant properties in coevolutionary networks of plant-animal interactions},
volume = {6},
year = {2003}
}
@article{Donoso2017,
author = {Donoso, Isabel and Garc{\'{i}}a, Daniel and Mart{\'{i}}nez, Daniel and Tylianakis, Jason M. and Stouffer, Daniel B.},
doi = {10.3389/fevo.2017.00133},
issn = {2296-701X},
journal = {Frontiers in Ecology and Evolution},
keywords = {Frugivory,Indirect interactions,Pairwise interactions,Plant-animal mutualism,SADIE,Species abundances,Species identities},
month = nov,
number = {NOV},
pages = {1--12},
title = {Complementary Effects of Species Abundances and Ecological Neighborhood on the Occurrence of Fruit-Frugivore Interactions},
volume = {5},
year = {2017}
}
@article{Burkle2013,
author = {Burkle, Laura A. and Marlin, John C. and Knight, Tiffany M.},
doi = {10.1126/science.1232728},
issn = {10959203},
journal = {Science},
month = mar,
number = {6127},
pages = {1611--1615},
pmid = {23449999},
title = {Plant-pollinator interactions over 120 years: Loss of species, co-occurrence, and function},
volume = {340},
year = {2013}
}
@article{Aizen2012,
author = {Aizen, Marcelo A. and Sabatino, Malena and Tylianakis, Jason M.},
doi = {10.1126/science.1215320},
issn = {10959203},
journal = {Science},
month = mar,
number = {6075},
pages = {1486--1489},
pmid = {22442482},
title = {Specialization and rarity predict nonrandom loss of interactions from mutualist networks},
volume = {335},
year = {2012}
}
@article{Olesen2008,
author = {Olesen, Jens M. and Bascompte, Jordi and Elberling, Heidi and Jordano, Pedro},
doi = {10.1890/07-0451.1},
issn = {00129658},
journal = {Ecology},
keywords = {Abundance,Arctic,Constraint,Ecological network,Linkages between species,Mutualistic network,Phenology,Pollination,Preferential attachment},
number = {6},
pages = {1573--1582},
pmid = {18589522},
title = {Temporal dynamics in a pollination network},
volume = {89},
year = {2008}
}
@article{Rohr2014,
author = {Rohr, Rudolf P. and Bascompte, Jordi},
doi = {10.1086/678234},
issn = {0003-0147},
journal = {The American Naturalist},
keywords = {food webs,plant-frugivore net-,plant-pollinator networks},
number = {5},
pages = {556--564},
pmid = {25325741},
title = {Components of Phylogenetic Signal in Antagonistic and Mutualistic Networks},
volume = {184},
year = {2014}
}
@article{Fortuna2020,
author = {Fortuna, Miguel A. and Nagavci, Arxhina and Barbour, Matthew A. and Bascompte, Jordi},
doi = {10.1086/709961},
issn = {15375323},
journal = {American Naturalist},
keywords = {Antagonistic interactions,Coevolution ecological networks,Geographic mosaic,Mutualistic interactions},
number = {3},
pages = {382--389},
pmid = {32813994},
title = {Partner fidelity and asymmetric specialization in ecological networks},
volume = {196},
year = {2020}
}
@article{Hutchinson2017,
author = {Hutchinson, Matthew C. and Cagua, Edgar Fernando and Stouffer, Daniel B.},
doi = {10.1002/ecy.1955},
issn = {00129658},
journal = {Ecology},
keywords = {co-speciation,compartmentalization,modularity,mutualism,mutualistic networks,phylogenetic structure,pollination syndromes},
number = {10},
pages = {2640--2652},
pmid = {28734071},
title = {Cophylogenetic signal is detectable in pollination interactions across ecological scales},
volume = {98},
year = {2017}
}
@article{Coux2021,
author = {Coux, Camille and Donoso, Isabel and Tylianakis, Jason M. and Garc{\'{i}}a, Daniel and Mart{\'{i}}nez, Daniel and Dehling, D. Matthias and Stouffer, Daniel B.},
doi = {10.1002/ecy.3239},
issn = {19399170},
journal = {Ecology},
keywords = {New Zealand,abundance,birds,frugivory,mutualist network,neutrality,scaling,seed dispersal},
number = {2},
title = {Tricky partners: native plants show stronger interaction preferences than their exotic counterparts},
volume = {102},
year = {2021}
}
@article{Bascompte2009,
author = {Bascompte, Jordi and Stouffer, Daniel B.},
doi = {10.1098/rstb.2008.0226},
issn = {0962-8436},
journal = {Philosophical Transactions of the Royal Society B: Biological Sciences},
keywords = {Coextinction,Complex networks,Food webs,Mutualistic networks,Network motifs},
month = jun,
number = {1524},
pages = {1781--1787},
pmid = {19451127},
title = {The assembly and disassembly of ecological networks},
volume = {364},
year = {2009}
}
@article{Tylianakis2018,
author = {Tylianakis, Jason M. and Mart{\'{i}}nez-Garc{\'{i}}a, Laura B. and Richardson, Sarah J. and Peltzer, Duane A. and Dickie, Ian A.},
doi = {10.1111/ele.12957},
issn = {14610248},
journal = {Ecology Letters},
keywords = {Community assembly,ecosystem development,mutualist network,mycorrhizal symbiosis,preferential attachment,retrogression,succession},
number = {6},
pages = {896--904},
pmid = {29611321},
title = {Symmetric assembly and disassembly processes in an ecological network},
volume = {21},
year = {2018}
}
@article{Parmesan2003,
author = {Parmesan, Camille and Yohe, G},
issn = {0028-0836},
journal = {Nature},
pages = {37--42},
pmid = {12511946},
title = {A globally coherent fingerprint of climate change},
volume = {421},
year = {2003}
}
@article{Gonzalez-Castro2012,
author = {Gonz{\'{a}}lez-Castro, Aar{\'{o}}n and Yang, Suann and Nogales, Manuel and Carlo, Tom{\'{a}}s A.},
doi = {10.1371/journal.pone.0041385},
issn = {19326203},
journal = {PLoS ONE},
number = {7},
pages = {19--23},
pmid = {22844470},
title = {What determines the temporal changes of species degree and strength in an oceanic island plant-disperser network?},
volume = {7},
year = {2012}
}
@article{Vazquez2009a,
author = {V{\'{a}}zquez, Diego P. and Chacoff, Natacha P. and Cagnolo, Luciano},
doi = {10.1890/08-1837.1},
issn = {0012-9658},
journal = {Ecology},
keywords = {Argentina,Forbidden links,Mendoza,Monte Desert,Neutrality,Phenotypic complementarity,Phylogenetic signal,Plant-pollinator network,Pollination,Villavicencio network},
month = aug,
number = {8},
pages = {2039--2046},
title = {Evaluating multiple determinants of the structure of plant–animal mutualistic networks},
volume = {90},
year = {2009}
}
@article{Olito2015,
author = {Olito, Colin and Fox, Jeremy W.},
doi = {10.1111/oik.01439},
issn = {16000706},
journal = {Oikos},
keywords = {mechanisms,mutualism,network patterns,networks,neutral processes,neutrality,plant-pollinator networks,pollination,seasonal dynamics,trait matching},
mendeley-tags = {mechanisms,mutualism,network patterns,networks,neutral processes,neutrality,plant-pollinator networks,pollination,seasonal dynamics,trait matching},
number = {4},
pages = {428--436},
title = {Species traits and abundances predict metrics of plant-pollinator network structure, but not pairwise interactions},
volume = {124},
year = {2015}
}
@article{Bascompte2003,
archivePrefix = {arXiv},
arxivId = {arXiv:1207.6416},
author = {Bascompte, Jordi and Jordano, Pedro and Meli{\'{a}}n, Carlos J. and Olesen, Jens M.},
eprint = {arXiv:1207.6416},
issn = {0027-8424},
journal = {PNAS},
keywords = {mutualism,nestedness,network patterns,networks,plant-ant interactions,plant-pollinator networks,seed dispersal},
mendeley-tags = {mutualism,nestedness,network patterns,networks,plant-ant interactions,plant-pollinator networks,seed dispersal},
number = {16},
pages = {9383--9387},
pmid = {12881488},
title = {The nested assembly of plant–animal mutualistic networks},
volume = {100},
year = {2003}
}
@article{Fricke2020,
author = {Fricke, Evan C. and Svenning, Jens Christian},
doi = {10.1038/s41586-020-2640-y},
issn = {14764687},
journal = {Nature},
keywords = {mutualism,networks,plant-frugivore interactions,seed dispersal},
number = {7823},
pages = {74--78},
pmid = {32879498},
publisher = {Springer US},
title = {Accelerating homogenization of the global plant–frugivore meta-network},
volume = {585},
year = {2020}
}
@article{Vazquez2009,
author = {V{\'{a}}zquez, Diego P. and Bl{\"{u}}thgen, Nico and Cagnolo, Luciano and Chacoff, Natacha P.},
doi = {10.1093/aob/mcp057},
issn = {10958290},
journal = {Annals of Botany},
keywords = {Antplant interactions,forbidden links,mechanisms,mutualism,network patterns,networks,neutrality,plant-ant interactions,plantanimal interactions,pollination,seed dispersal,trait matching},
mendeley-tags = {mechanisms,mutualism,network patterns,networks,neutrality,plant-ant interactions,pollination,seed dispersal,trait matching},
number = {9},
pages = {1445--1457},
pmid = {19304996},
title = {Uniting pattern and process in plant-animal mutualistic networks: A review},
volume = {103},
year = {2009}
}
@article{BramonMora2020,
author = {{Bramon Mora}, Bernat and Shin, Eura and CaraDonna, Paul J. and Stouffer, Daniel B.},
doi = {10.1038/s41467-020-17894-y},
issn = {20411723},
journal = {Nature Communications},
keywords = {mutualism,network patterns,networks,phenology,plant-pollinator networks,seasonal dynamics,species group position},
mendeley-tags = {mutualism,network patterns,networks,phenology,plant-pollinator networks,seasonal dynamics,species group position},
number = {1},
pages = {1--9},
pmid = {32796828},
publisher = {Springer US},
title = {Untangling the seasonal dynamics of plant-pollinator communities},
volume = {11},
year = {2020}
}
@article{Poisot2015,
author = {Poisot, Timoth{\'{e}}e and Stouffer, Daniel B. and Gravel, Dominique},
doi = {10.1111/oik.01719},
issn = {16000706},
journal = {Oikos},
keywords = {boundaries,networks,neutral processes,phenology,trait matching},
mendeley-tags = {boundaries,networks,neutral processes,phenology,trait matching},
number = {3},
pages = {243--251},
title = {Beyond species: Why ecological interaction networks vary through space and time},
volume = {124},
year = {2015}
}
